<?xml version="1.0" encoding="UTF-8"?><collection xmlns="http://www.loc.gov/MARC21/slim"><record><leader>00442nam--2200181-u-4500</leader><controlfield tag="001">000052746</controlfield><controlfield tag="002">20161230</controlfield><controlfield tag="005">20161230201050</controlfield><controlfield tag="008">101012s1000------------r-----000-0-rum-d</controlfield><datafield ind1=" " ind2=" " tag="040"><subfield code="a">IFIN-HH</subfield></datafield><datafield ind1=" " ind2=" " tag="041"><subfield code="a">rum</subfield></datafield><datafield ind1=" " ind2=" " tag="080"><subfield code="a">62-752:534</subfield></datafield><datafield ind1="1" ind2=" " tag="100"><subfield code="a">Pana, Toma</subfield></datafield><datafield ind1="1" ind2="0" tag="245"><subfield code="a">Absorbitori dinamici de vibratii</subfield><subfield code="c">Toma Pana</subfield></datafield><datafield ind1=" " ind2=" " tag="260"><subfield code="a">Bucuresti</subfield><subfield code="b">Editrua Tehnica</subfield><subfield code="c">1984</subfield></datafield><datafield ind1=" " ind2=" " tag="300"><subfield code="a">223p</subfield></datafield><datafield ind1=" " ind2=" " tag="852"><subfield code="a">71616</subfield><subfield code="c">534</subfield></datafield><datafield ind1=" " ind2=" " tag="CAT"><subfield code="a">Sys</subfield><subfield code="c">20101012</subfield><subfield code="h">140822</subfield></datafield></record></collection>